@book{vigenere1586,
  author       = {Vigen{\`e}re, Blaise de},
  title        = {Traict{\'e} des Chiffres, ou Secretes Mani{\`e}res d'{\'E}crire\     
                  {[Treatise on ciphers, or secret ways of writing]}},
  year         = {1586},
  publisher    = {Abel l'Angelier},
}

@misc{menon2020pattern,
  author       = {Menon, Govind},
  title        = {{Pattern Theory: Old and New}},
  howpublished = {Lecture notes, Brown University},
  year         = {2020},
}

@book{dostoevsky1866crime,
  author       = {Dostoevsky, Fyodor},
  title        = {Crime and Punishment},
  year         = {1866},
  publisher    = {Project Gutenberg},
}

@book{dickens1859tale,
  author       = {Dickens, Charles},
  title        = {A Tale of Two Cities},
  year         = {1859},
  publisher    = {Project Gutenberg},
}

@book{bird2009nlp,
  author       = {Bird, Steven and Loper, Edward and Klein, Ewan},
  title        = {Natural Language Processing with Python},
  year         = {2009},
}
